@book{Rumelhart86,
    author={Rumelhart, David E. and McClelland, James L.},
    booktitle={Parallel Distributed Processing: Explorations in the Microstructure of Cognition: Foundations}, 
    title={{Learning Internal Representations by Error Propagation}}, 
    year={1987},
    pages={318-362},
    publisher={The MIT Press},
}

@inproceedings{Vincent08,
    author={Vincent, Pascal and Larochelle, Hugo and Bengio, Yoshua and Manzagol, Pierre-Antoine},
    title={{Extracting and composing robust features with denoising autoencoders}},
    year={2008},
    publisher={Association for Computing Machinery},
    booktitle={Proceedings of the 25th International Conference on Machine Learning},
    pages={1096–1103},
    numpages={8},
    series={ICML '08},
}

@misc{Ng11,
    author={Andrew Ng},
    title={{Sparse Autoencoder}},
    year={2011},
    note={CS294A Lecture Notes, Stanford University},
}

@misc{Kingma13,
    title={{Auto-Encoding Variational Bayes}}, 
    author={Diederik P Kingma and Max Welling},
    year={2022},
}

@misc{Makhzani16,
    title={{Adversarial Autoencoders}}, 
    author={Alireza Makhzani and Jonathon Shlens and Navdeep Jaitly and Ian Goodfellow and Brendan Frey},
    year={2016},
}

@inproceedings{Rifai11,
    author={Rifai, Salah and Vincent, Pascal and Muller, Xavier and Glorot, Xavier and Bengio, Yoshua},
    title={{Contractive auto-encoders: explicit invariance during feature extraction}},
    year={2011},
    publisher={Omnipress},
    booktitle={Proceedings of the 28th International Conference on International Conference on Machine Learning},
    pages={833–840},
    numpages={8},
    series={ICML'11},
}

@article{Hinton06,
    author={G. E. Hinton  and R. R. Salakhutdinov },
    title={{Reducing the Dimensionality of Data with Neural Networks}},
    journal={Science},
    volume={313},
    number={5786},
    pages={504-507},
    year={2006},
}

@inproceedings{Sakurada14,
    author={Sakurada, Mayu and Yairi, Takehisa},
    title={{Anomaly Detection Using Autoencoders with Nonlinear Dimensionality Reduction}},
    year={2014},
    publisher={Association for Computing Machinery},
    booktitle={Proceedings of the MLSDA 2014 2nd Workshop on Machine Learning for Sensory Data Analysis},
    pages={4–11},
    numpages={8},
    series={MLSDA'14},
}

@book{Goodfellow16,
    title={{Deep Learning}},
    author={Ian Goodfellow and Yoshua Bengio and Aaron Courville},
    publisher={MIT Press},
    year={2016},
}

@misc{Bank21,
    title={{Autoencoders}}, 
    author={Dor Bank and Noam Koenigstein and Raja Giryes},
    year={2021},
}

@misc{Adam,
    title={{Adam: A Method for Stochastic Optimization}}, 
    author={Diederik P. Kingma and Jimmy Ba},
    year={2017},
}

@article{Berahmand24,
    author={Kamal Berahmand and Fatemeh Daneshfar and Elaheh Sadat Salehi and Yuefeng Li and Yue Xu},
    title={{Autoencoders and their applications in machine learning: a survey}},
    journal={Artificial Intelligence Review},
    volume={57},
    number={2},
    pages={28},
    year={2024},
}

@misc{Bengio14,
    title={{Representation Learning: A Review and New Perspectives}}, 
    author={Yoshua Bengio and Aaron Courville and Pascal Vincent},
    year={2014},
}

@inproceedings{Göhring24,
    author={Göhring, Andrea and Bayer, Mirjam and Kazempour, Daniyal and Mohanty, Sweety and Zelenka, Claudius},
    booktitle={2024 25th IEEE International Conference on Mobile Data Management (MDM)}, 
    title={{Data Fusion Between Land and Sea: Multi-Isotope Fingerprints of Viking Animals and Modern Plants}}, 
    year={2024},
    pages={319-324},
}

@inproceedings{Kazempour24,
    author={Daniyal Kazempour and Claudius Zelenka and  Peer Kr{\"{o}}ger},
    title={{The Missing Link? On the In-Between Instance Detection Task}},
    booktitle={Proceedings 27th International Conference on Extending Database Technology {EDBT}},
    pages={359--364},
    publisher={OpenProceedings.org},
    year={2024},
}

@inproceedings{LOF,
    author={Breunig, Markus M. and Kriegel, Hans-Peter and Ng, Raymond T. and Sander, J\"{o}rg},
    title={{LOF: identifying density-based local outliers}},
    year={2000},
    publisher={Association for Computing Machinery},
    booktitle={Proceedings of the 2000 ACM SIGMOD International Conference on Management of Data},
    pages={93–104},
    numpages={12},
    series={SIGMOD '00},
}

@inproceedings{DBSCAN,
    author={Ester, Martin and Kriegel, Hans-Peter and Sander, J\"{o}rg and Xu, Xiaowei},
    title={{A density-based algorithm for discovering clusters in large spatial databases with noise}},
    year={1996},
    publisher={AAAI Press},
    booktitle={Proceedings of the Second International Conference on Knowledge Discovery and Data Mining},
    pages={226–231},
    numpages={6},
    series={KDD'96},
}

@article{kMeans,
    author={Lloyd, S.},
    journal={IEEE Transactions on Information Theory}, 
    title={{Least squares quantization in PCM}}, 
    year={1982},
    volume={28},
    number={2},
    pages={129-137},
}

@article{Charte18,
    title={{A practical tutorial on autoencoders for nonlinear feature fusion: Taxonomy, models, software and guidelines}},
    volume={44},
    journal={Information Fusion},
    publisher={Elsevier BV},
    author={Charte, David and Charte, Francisco and García, Salvador and del Jesus, María J. and Herrera, Francisco},
    year={2018},
    pages={78–96},
}

@misc{Miani22,
    title={{Laplacian Autoencoders for Learning Stochastic Representations}}, 
    author={Marco Miani and Frederik Warburg and Pablo Moreno-Muñoz and Nicke Skafte Detlefsen and Søren Hauberg},
    year={2022},
}

@inproceedings{Wang14,
    author={Wang, Wei and Huang, Yan and Wang, Yizhou and Wang, Liang},
    booktitle={2014 IEEE Conference on Computer Vision and Pattern Recognition Workshops}, 
    title={{Generalized Autoencoder: A Neural Network Framework for Dimensionality Reduction}}, 
    year={2014},
    pages={496-503},
}

@misc{Kipf16,
    title={{Variational Graph Auto-Encoders}}, 
    author={Thomas N. Kipf and Max Welling},
    year={2016},
}

@misc{Burgess18,
    title={{Understanding disentangling in $\beta$-VAE}}, 
    author={Christopher P. Burgess and Irina Higgins and Arka Pal and Loic Matthey and Nick Watters and Guillaume Desjardins and Alexander Lerchner},
    year={2018},
}

@misc{Leiber25,
    title={{An Introductory Survey to Autoencoder-based Deep Clustering -- Sandboxes for Combining Clustering with Deep Learning}}, 
    author={Collin Leiber and Lukas Miklautz and Claudia Plant and Christian Böhm},
    year={2025},
}

@misc{Beer24,
    title={{SHADE: Deep Density-based Clustering}}, 
    author={Anna Beer and Pascal Weber and Lukas Miklautz and Collin Leiber and Walid Durani and Christian Böhm and Claudia Plant},
    year={2024},
}

@inproceedings{Le18,
    author={Le, Lei and Patterson, Andrew and White, Martha},
    booktitle={Advances in Neural Information Processing Systems},
    publisher={Curran Associates, Inc.},
    title={{Supervised autoencoders: Improving generalization performance with unsupervised regularizers}},
    volume={31},
    year={2018},
}

@misc{Rajpurkar17,
    title={{CheXNet: Radiologist-Level Pneumonia Detection on Chest X-Rays with Deep Learning}}, 
    author={Pranav Rajpurkar and Jeremy Irvin and Kaylie Zhu and Brandon Yang and Hershel Mehta and Tony Duan and Daisy Ding and Aarti Bagul and Curtis Langlotz and Katie Shpanskaya and Matthew P. Lungren and Andrew Y. Ng},
    year={2017},
}

@misc{Devlin18,
    title={{BERT: Pre-training of Deep Bidirectional Transformers for Language Understanding}}, 
    author={Jacob Devlin and Ming-Wei Chang and Kenton Lee and Kristina Toutanova},
    year={2019},
}

@misc{Ren16,
    title={{Faster R-CNN: Towards Real-Time Object Detection with Region Proposal Networks}}, 
    author={Shaoqing Ren and Kaiming He and Ross Girshick and Jian Sun},
    year={2016},
}

@misc{Bieganowski24,
    title={{Supervised Autoencoder MLP for Financial Time Series Forecasting}}, 
    author={Bartosz Bieganowski and Robert Slepaczuk},
    year={2024},
}

@misc{Singh18,
    title={{Supervised COSMOS Autoencoder: Learning Beyond the Euclidean Loss!}}, 
    author={Maneet Singh and Shruti Nagpal and Mayank Vatsa and Richa Singh and Afzel Noore},
    year={2018},
}

@inproceedings{Yang19,
    title={{Triplet Enhanced AutoEncoder: Model-free Discriminative Network Embedding}},
    author={Yang, Yao and Chen, Haoran and Shao, Junming},
    booktitle={Proceedings of the Twenty-Eighth International Joint Conference on Artificial Intelligence, {IJCAI-19}},
    publisher={International Joint Conferences on Artificial Intelligence Organization},
    pages={5363--5369},
    year={2019},
}

@misc{Ishfaq23,
    title={{TVAE: Triplet-Based Variational Autoencoder using Metric Learning}}, 
    author={Haque Ishfaq and Assaf Hoogi and Daniel Rubin},
    year={2023},
}

@misc{Hamilton18,
    title={{Inductive Representation Learning on Large Graphs}}, 
    author={William L. Hamilton and Rex Ying and Jure Leskovec},
    year={2018},
}

@inbook{LeCun12,
    author="LeCun, Yann A. and Bottou, L{\'e}on and Orr, Genevieve B. and M{\"u}ller, Klaus-Robert",
    title={{Efficient BackProp}},
    bookTitle="Neural Networks: Tricks of the Trade: Second Edition",
    year="2012",
    publisher="Springer Berlin Heidelberg",
    pages="9--48",
}

@manual{torch.nn,
    title={{torch.nn — PyTorch 2.7 Documentation}},
    author={{PyTorch Contributors}},
    organization={PyTorch},
    year={2025},
    note={https://docs.pytorch.org/docs/stable/nn.html},
}

@article{Xia15,
    title = {{Learning similarity with cosine similarity ensemble}},
    journal = {Information Sciences},
    volume = {307},
    pages = {39-52},
    year = {2015},
    author = {Peipei Xia and Li Zhang and Fanzhang Li},
}

@inproceedings{Zhang23,
    author={Zhang, Xiongzhen and Liu, Quan and Zhang, Lihua},
    booktitle={2023 IEEE International Conference on Systems, Man, and Cybernetics (SMC)}, 
    title={{Cosine Similarity Based Representation Learning for Adversarial Imitation Learning}}, 
    year={2023},
    pages={591-596},
}

@article{Kingma19,
    title={{An Introduction to Variational Autoencoders}},
    volume={12},
    number={4},
    journal={Foundations and Trends® in Machine Learning},
    publisher={Now Publishers},
    author={Kingma, Diederik P. and Welling, Max},
    year={2019},
    pages={307–392},
}

@inproceedings{Venna01,
    author={Venna, Jarkko and Kaski, Samuel},
    title={{Neighborhood Preservation in Nonlinear Projection Methods: An Experimental Study}},
    booktitle={Artificial Neural Networks --- ICANN 2001},
    year={2001},
    publisher={Springer Berlin Heidelberg},
    pages={485--491},
}

@book{Python,
    author={Van Rossum, Guido and Drake, Fred L.},
    title={{Python 3 Reference Manual}},
    year={2009},
    publisher={CreateSpace},
}

@article{NumPy,
    title={{Array programming with NumPy}},
    volume={585},
    number={7825},
    journal={Nature},
    publisher={Springer Science and Business Media LLC},
    author={Harris, Charles R. and Millman, K. Jarrod and van der Walt, Stéfan J. and Gommers, Ralf and Virtanen, Pauli and Cournapeau, David and Wieser, Eric and Taylor, Julian and Berg, Sebastian and Smith, Nathaniel J. and Kern, Robert and Picus, Matti and Hoyer, Stephan and van Kerkwijk, Marten H. and Brett, Matthew and Haldane, Allan and del Río, Jaime Fernández and Wiebe, Mark and Peterson, Pearu and Gérard-Marchant, Pierre and Sheppard, Kevin and Reddy, Tyler and Weckesser, Warren and Abbasi, Hameer and Gohlke, Christoph and Oliphant, Travis E.},
    year={2020},
    pages={357–362},
}

@article{Matplotlib,
    author={Hunter, John D.},
    journal={Computing in Science & Engineering}, 
    title={{Matplotlib: A 2D Graphics Environment}}, 
    year={2007},
    volume={9},
    number={3},
    pages={90-95},
}

@misc{PyTorch,
      title={{PyTorch: An Imperative Style, High-Performance Deep Learning Library}}, 
      author={Adam Paszke and Sam Gross and Francisco Massa and Adam Lerer and James Bradbury and Gregory Chanan and Trevor Killeen and Zeming Lin and Natalia Gimelshein and Luca Antiga and Alban Desmaison and Andreas Köpf and Edward Yang and Zach DeVito and Martin Raison and Alykhan Tejani and Sasank Chilamkurthy and Benoit Steiner and Lu Fang and Junjie Bai and Soumith Chintala},
      year={2019},
}

@misc{ReLU,
    title={{Deep Learning using Rectified Linear Units (ReLU)}}, 
    author={Abien Fred Agarap},
    year={2019},
}

@misc{leakyReLU,
    title={{Empirical Evaluation of Rectified Activations in Convolutional Network}}, 
    author={Bing Xu and Naiyan Wang and Tianqi Chen and Mu Li},
    year={2015},
}

@misc{SELU,
    title={{Self-Normalizing Neural Networks}}, 
    author={Günter Klambauer and Thomas Unterthiner and Andreas Mayr and Sepp Hochreiter},
    year={2017},
}

@techreport{RMSProp,
    author={Tieleman, T. and Hinton, G.},
    title={{Lecture 6.5 - RMSProp, COURSERA: Neural Networks for Machine Learning}},
    year={2012},
    institution={University of Toronto},
    type={Technical report},
}

@article{Adagrad,
  author={John Duchi and Elad Hazan and Yoram Singer},
  title={{Adaptive Subgradient Methods for Online Learning and Stochastic Optimization}},
  journal={Journal of Machine Learning Research},
  year={2011},
  volume={12},
  number={61},
  pages={2121--2159},
}